@article{rudn,
  title={История развития вычислительной математики--компонента гуманитарного потенциала обучения численным методам},
  author={Корнилов, Виктор Семенович},
  journal={Вестник Российского университета дружбы народов. Серия: Информатизация образования},
  number={4},
  year={2010},
  publisher={Федеральное государственное бюджетное образовательное учреждение высшего профессионального образования {\guillemotleft}Российский университет дружбы народов{\guillemotright}}
}

@misc{ w:integral,
  author = "Википедия",
  title = "Интеграл --- Википедия{,} свободная энциклопедия",
  year = "2017",
  url = "\url{http://ru.wikipedia.org/?oldid=84522032}",
  note = "[Online; accessed 30-март-2017]"
}

@misc{ w:viete,
  author = "Википедия",
  title = "Виет, Франсуа --- Википедия{,} свободная энциклопедия",
  year = "2017",
  url = "\url{http://ru.wikipedia.org/?oldid=83449692}",
  note = "[Online; accessed 30-март-2017]"
}

@misc{ w:runge,
  author = "Википедия",
  title = "Кутта, Мартин Вильгельм --- Википедия{,} свободная энциклопедия",
  year = "2014",
  url = "\url{http://ru.wikipedia.org/?oldid=66261833}",
  note = "[Online; accessed 30-март-2017]"
}

 @misc{ w:picone,
   author = "Wikipedia",
   title = "Mauro Picone --- Wikipedia{,} The Free Encyclopedia",
   year = "2017",
   url = "\url{https://en.wikipedia.org/w/index.php?title=Mauro_Picone&oldid=764595091}",
   note = "[Online; accessed 30-March-2017]"
 }

@misc{ w:gauss,
  author = "Википедия",
  title = "Гаусс, Карл Фридрих --- Википедия{,} свободная энциклопедия",
  year = "2017",
  url = "\url{http://ru.wikipedia.org/?oldid=83115561}",
  note = "[Online; accessed 30-март-2017]"
}

@misc{ w:seidel,
  author = "Википедия",
  title = "Зейдель, Филипп Людвиг фон --- Википедия{,} свободная энциклопедия",
  year = "2016",
  url = "\url{http://ru.wikipedia.org/?oldid=79566382}",
  note = "[Online; accessed 30-март-2017]"
}

@misc{ w:jacobi,
  author = "Википедия",
  title = "Якоби, Карл Густав Якоб --- Википедия{,} свободная энциклопедия",
  year = "2016",
  url = "\url{http://ru.wikipedia.org/?oldid=79981945}",
  note = "[Online; accessed 30-март-2017]"
}

@misc{ w:krylov,
  author = "Википедия",
  title = "Крылов, Алексей Николаевич --- Википедия{,} свободная энциклопедия",
  year = "2017",
  url = "\url{http://ru.wikipedia.org/?oldid=84457254}",
  note = "[Online; accessed 30-март-2017]"
}

@misc{ w:random_walk,
  author = "Википедия",
  title = "Случайное блуждание --- Википедия{,} свободная энциклопедия",
  year = "2017",
  url = "\url{http://ru.wikipedia.org/?oldid=83669669}",
  note = "[Online; accessed 30-март-2017]"
}

 @misc{ w:preconditioner,
   author = "Wikipedia",
   title = "Preconditioner --- Wikipedia{,} The Free Encyclopedia",
   year = "2017",
   url = "\url{https://en.wikipedia.org/w/index.php?title=Preconditioner&oldid=765341528}",
   note = "[Online; accessed 30-March-2017]"
 }

@inproceedings{benzi,
  title={Key moments in the history of numerical analysis},
  author={Benzi, Michele},
  booktitle={SIAM Applied Linear Algebra Conference},
  year={2009}
}

@article{cfl_pde,
  title={{\"U}ber die partiellen Differenzengleichungen der mathematischen Physik},
  author={Courant, Richard and Friedrichs, Kurt and Lewy, Hans},
  journal={Mathematische annalen},
  volume={100},
  number={1},
  pages={32--74},
  year={1928},
  publisher={Springer}
}

@article{cfe_pde,
  title={Variational methods for the solution of problems of equilibrium and vibrations},
  author={Courant, Richard},
  journal={Lecture Notes in Pure and Applied Mathematics},
  pages={1--1},
  year={1994},
  publisher={MARCEL DEKKER AG}
}

@article{finite_dif_pde,
  title={The approximate arithmetical solution by finite differences of physical problems involving differential equations, with an application to the stresses in a masonry dam},
  author={Richardson, Lewis Fry},
  journal={Philosophical Transactions of the Royal Society of London. Series A, Containing Papers of a Mathematical or Physical Character},
  volume={210},
  pages={307--357},
  year={1911},
  publisher={JSTOR}
}

@article{von_matrix,
  title={Numerical inverting of matrices of high order},
  author={Von Neumann, John and Goldstine, Herman H and others},
  journal={Bull. Amer. Math. Soc},
  volume={53},
  number={11},
  pages={1021--1099},
  year={1947}
}

 @misc{ rch_matrix,
   author = "Wikipedia",
   title = "Modified Richardson iteration --- Wikipedia{,} The Free Encyclopedia",
   year = "2016",
   url = "\url{https://en.wikipedia.org/w/index.php?title=Modified_Richardson_iteration&oldid=749368285}",
   note = "[Online; accessed 30-March-2017]"
 }

 @book{cesari_matrix,
  title={Sulla risoluzione dei sistemi di equazioni lineari per approssimazioni successive},
  author={Cesari, Lamberto},
  year={1937}
}

@article{krylov,
  title={Some history of the conjugate gradient and Lanczos methods},
  author={Golub, Gene H and O'Leary, Dianne P},
  journal={Siam review},
  volume={31},
  number={1},
  pages={50--102},
  year={1989},
  publisher={Society for Industrial and Applied Mathematics}
}